<?xml version="1.0" encoding="UTF-8"?>
<record xmlns="http://www.loc.gov/MARC21/slim">
   <leader>01722cam a2200337Ia 4500</leader>
   <controlfield tag="001">6444656</controlfield>
   <controlfield tag="003">NjP</controlfield>
   <controlfield tag="005">20190705172734.0</controlfield>
   <controlfield tag="008">110303s1938    ua       b    001 0 ara d</controlfield>
   <datafield tag="024" ind1="7" ind2=" ">
      <subfield code="a">princeton_aco004595</subfield>
      <subfield code="2">local</subfield>
   </datafield>
   <datafield ind1=" " ind2=" " tag="040">
      <subfield code="a">NYP</subfield>
      <subfield code="c">PUL</subfield>
      <subfield code="d">OCLCG</subfield>
      <subfield code="d">CUY</subfield>
      <subfield code="d">PUL</subfield>
   </datafield>
   <datafield ind1=" " ind2=" " tag="043">
      <subfield code="a">ma-----</subfield>
   </datafield>
   <datafield ind1=" " ind2="4" tag="050">
      <subfield code="a">DS62.4</subfield>
      <subfield code="b">.M861</subfield>
   </datafield>
   <datafield ind1=" " ind2=" " tag="049">
      <subfield code="a">PULL</subfield>
   </datafield>
   <datafield ind1=" " ind2=" " tag="035">
      <subfield code="a">(OCoLC)ocm26957060</subfield>
   </datafield>
   <datafield ind1="1" ind2=" " tag="100">
      <subfield code="6">880-01</subfield>
      <subfield code="a">Muʼnis, Ḥusayn,</subfield>
      <subfield code="d">1911-</subfield>
      <subfield code="0">http://id.loc.gov/authorities/names/n83152176</subfield>
   </datafield>
   <datafield ind1="1" ind2="3" tag="245">
      <subfield code="6">880-02</subfield>
      <subfield code="a">al-Sharq al-Islamī fī al-ʻaṣr al-ḥadīth /</subfield>
      <subfield code="c">taʼlīf Ḥusayn Muʼnis.</subfield>
   </datafield>
   <datafield ind1=" " ind2=" " tag="250">
      <subfield code="6">880-03</subfield>
      <subfield code="a">al-Ṭabʻah 2.</subfield>
   </datafield>
   <datafield ind1=" " ind2=" " tag="260">
      <subfield code="6">880-04</subfield>
      <subfield code="a">al-Qāhirah :</subfield>
      <subfield code="b">al-Maktabah al-Tijārīyah al-Kubrá :</subfield>
      <subfield code="b">Maṭbaʻat Ḥijāzī,</subfield>
      <subfield code="c">1938.</subfield>
   </datafield>
   <datafield ind1=" " ind2=" " tag="300">
      <subfield code="a">467 p., 1 folded map ;</subfield>
      <subfield code="c">25 cm.</subfield>
   </datafield>
   <datafield ind1=" " ind2=" " tag="504">
      <subfield code="a">Includes bibliographical references and indexes.</subfield>
   </datafield>
   <datafield ind1=" " ind2="0" tag="651">
      <subfield code="a">Arab countries</subfield>
      <subfield code="x">Politics and government.</subfield>
      <subfield code="0">http://id.loc.gov/authorities/subjects/sh85006285</subfield>
   </datafield>
   <datafield ind1=" " ind2="0" tag="651">
      <subfield code="a">Arab countries</subfield>
      <subfield code="x">Relations</subfield>
      <subfield code="z">Europe.</subfield>
   </datafield>
   <datafield ind1=" " ind2="0" tag="651">
      <subfield code="a">Europe</subfield>
      <subfield code="x">Relations</subfield>
      <subfield code="z">Arab countries.</subfield>
   </datafield>
   <datafield ind1="0" ind2="8" tag="776">
      <subfield code="i">Online version:</subfield>
      <subfield code="a">Muʼnis, Ḥusayn, 1911-</subfield>
      <subfield code="t">Sharq al-Islamī fī al-ʻaṣr al-ḥadīth.</subfield>
      <subfield code="b">al-Ṭabʻah 2.</subfield>
      <subfield code="d">al-Qāhirah : al-Maktabah al-Tijārīyah al-Kubrá : Maṭbaʻat Ḥijāzī, 1938</subfield>
      <subfield code="w">(OCoLC)682840672</subfield>
   </datafield>
   <datafield ind1="0" ind2=" " tag="880">
      <subfield code="6">100-01/r</subfield>
      <subfield code="a">حسين مؤنس.</subfield>
   </datafield>
   <datafield ind1="1" ind2="2" tag="880">
      <subfield code="6">245-02/r</subfield>
      <subfield code="a">الشرق الإسلامي في العصر الحديث /</subfield>
      <subfield code="c">تأليف حسين مؤنس.</subfield>
   </datafield>
   <datafield ind1=" " ind2=" " tag="880">
      <subfield code="6">250-03/r</subfield>
      <subfield code="a">الطبعة ٢.</subfield>
   </datafield>
   <datafield ind1=" " ind2=" " tag="880">
      <subfield code="6">260-04/r</subfield>
      <subfield code="a">القاهرة :</subfield>
      <subfield code="b">المكتبة التجارية الكبرى :</subfield>
      <subfield code="b">مطبعة حجازي،</subfield>
      <subfield code="c">١٩٣٨.</subfield>
   </datafield>
   <datafield ind1=" " ind2=" " tag="880">
      <subfield code="6">500-00/r</subfield>
      <subfield code="a">At head of title: لجنة الجامعيين لنشر العلم.</subfield>
   </datafield>
   <datafield ind1=" " ind2=" " tag="994">
      <subfield code="a">C0</subfield>
      <subfield code="b">PUL</subfield>
   </datafield>
   <datafield ind1=" " ind2=" " tag="902">
      <subfield code="a">jyn</subfield>
      <subfield code="b">r</subfield>
      <subfield code="6">a</subfield>
      <subfield code="7">m</subfield>
      <subfield code="d">v</subfield>
      <subfield code="f">0</subfield>
      <subfield code="e">20110303</subfield>
   </datafield>
   <datafield ind1=" " ind2=" " tag="979">
      <subfield code="a">(OCoLC)ocn704932325</subfield>
   </datafield>
   <datafield ind1="8" ind2=" " tag="852">
      <subfield code="0">6426013</subfield>
      <subfield code="b">rcppa</subfield>
      <subfield code="h">2272.68947.381</subfield>
      <subfield code="x">tr fr f</subfield>
   </datafield>
   <datafield ind1=" " ind2=" " tag="959">
      <subfield code="a">2011-03-03 11:40:48 -0500</subfield>
   </datafield>
</record>
